<marc:collection xmlns:marc="http://www.loc.gov/MARC21/slim" xmlns:xsi="http://www.w3.org/2001/XMLSchema-instance" xsi:schemaLocation="http://www.loc.gov/MARC21/slim http://www.loc.gov/standards/marcxml/schema/MARC21slim.xsd">
    <marc:record type="Bibliographic">
        <marc:leader>02720cem a22003973a 4500</marc:leader>
        <marc:controlfield tag="001">6820534</marc:controlfield>
        <marc:controlfield tag="005">20141120190557.0</marc:controlfield>
        <marc:controlfield tag="006">e       f  s  0   </marc:controlfield>
        <marc:controlfield tag="007">aj canzn</marc:controlfield>
        <marc:controlfield tag="008">110422s1868    nju       f  s  0   eng d</marc:controlfield>
        <marc:datafield tag="034" ind1="1" ind2=" ">
            <marc:subfield code="a">a</marc:subfield>
            <marc:subfield code="b">316800</marc:subfield>
            <marc:subfield code="d">-075.550000</marc:subfield>
            <marc:subfield code="e">-073.866666</marc:subfield>
            <marc:subfield code="f">41.366667</marc:subfield>
            <marc:subfield code="g">38.916664</marc:subfield>
        </marc:datafield>
        <marc:datafield tag="035" ind1=" " ind2=" ">
            <marc:subfield code="a">(NjP Geomap) 65035</marc:subfield>
        </marc:datafield>
        <marc:datafield tag="040" ind1=" " ind2=" ">
            <marc:subfield code="a">NJP</marc:subfield>
            <marc:subfield code="b">eng</marc:subfield>
            <marc:subfield code="e">rda</marc:subfield>
            <marc:subfield code="c">NjP</marc:subfield>
        </marc:datafield>
        <marc:datafield tag="043" ind1=" " ind2=" ">
            <marc:subfield code="a">n-us-nj</marc:subfield>
        </marc:datafield>
        <marc:datafield tag="052" ind1=" " ind2=" ">
            <marc:subfield code="a">8311</marc:subfield>
        </marc:datafield>
        <marc:datafield tag="100" ind1="1" ind2=" ">
            <marc:subfield code="a">Cook, George Hammell,</marc:subfield>
            <marc:subfield code="d">1818-1889,</marc:subfield>
            <marc:subfield code="e">author.</marc:subfield>
        </marc:datafield>
        <marc:datafield tag="245" ind1="0" ind2="0">
            <marc:subfield code="a">Geological map of New Jersey /</marc:subfield>
            <marc:subfield code="c">George H. Cook, State Geologist. John C. Smock, Assistant Geologist ; the geographical material compiled and drawn by G.M. Hopkins, C.E. From the State Topographical Survey, and from data furnished by the U.S. Coast Survey, and from official records and original surveys. Based upon U.S. Coast Survey triangulation.</marc:subfield>
        </marc:datafield>
        <marc:datafield tag="255" ind1=" " ind2=" ">
            <marc:subfield code="a">Scale 1:316,800 or 1 inches = 5 miles</marc:subfield>
            <marc:subfield code="c">(W 75°33ʹ--W 73°52ʹ/N 41°22ʹ--N 38°55ʹ).</marc:subfield>
        </marc:datafield>
        <marc:datafield tag="264" ind1=" " ind2="1">
            <marc:subfield code="a">[Newark, N.J.] :</marc:subfield>
            <marc:subfield code="b">Geological Survey of New Jersey,</marc:subfield>
            <marc:subfield code="c">1868.</marc:subfield>
        </marc:datafield>
        <marc:datafield tag="300" ind1=" " ind2=" ">
            <marc:subfield code="a">1 map :</marc:subfield>
            <marc:subfield code="b">hand colored lithograph ;</marc:subfield>
            <marc:subfield code="c">89 x 66 cm +</marc:subfield>
            <marc:subfield code="e">1 companion book (899 pages : 26 cm) and 1 atlas ( 12 maps : colored litographs 37 cm)</marc:subfield>
        </marc:datafield>
        <marc:datafield tag="336" ind1=" " ind2=" ">
            <marc:subfield code="a">cartographic image</marc:subfield>
            <marc:subfield code="b">cri</marc:subfield>
            <marc:subfield code="2">rdacontent</marc:subfield>
        </marc:datafield>
        <marc:datafield tag="337" ind1=" " ind2=" ">
            <marc:subfield code="a">unmediated</marc:subfield>
            <marc:subfield code="b">n</marc:subfield>
            <marc:subfield code="2">rdamedia</marc:subfield>
        </marc:datafield>
        <marc:datafield tag="338" ind1=" " ind2=" ">
            <marc:subfield code="a">sheet</marc:subfield>
            <marc:subfield code="b">nb</marc:subfield>
            <marc:subfield code="2">rdacarrier</marc:subfield>
        </marc:datafield>
        <marc:datafield tag="500" ind1=" " ind2=" ">
            <marc:subfield code="a">Includes eight "Cretaceous sections", six "Triassic sections", and three "Azoic and Paleozoic sections", settlements and railroads.</marc:subfield>
        </marc:datafield>
        <marc:datafield tag="500" ind1=" " ind2=" ">
            <marc:subfield code="a">Companion text is filed in RECAP. Call number 8565.672.01</marc:subfield>
            <marc:subfield code="5">NjP</marc:subfield>
        </marc:datafield>
        <marc:datafield tag="501" ind1=" " ind2=" ">
            <marc:subfield code="a">Issued with:  Azoic and Paleozoic formations; including the iron-ore &amp; limestone districts -- Triassic formation red sandstone and trap rock of central New Jersey -- Cretaceous formation : including the green-sand marl beds -- Tertiary and recent formations of southern New Jersey -- Map of a group of iron mines in Morris County -- Map of the Ringwood iron mines, Passaic County -- Map of Oxford Furnace iron-ore veins, Warren County -- Map of zinc mines of Sussex County.</marc:subfield>
        </marc:datafield>
        <marc:datafield tag="530" ind1=" " ind2=" ">
            <marc:subfield code="a">Available also online through:</marc:subfield>
            <marc:subfield code="b">Princeton University Libraries, Digital Map &amp; Geographic Data Web site.</marc:subfield>
        </marc:datafield>
        <marc:datafield tag="541" ind1="0" ind2=" ">
            <marc:subfield code="c">Gift;</marc:subfield>
            <marc:subfield code="a">Prof. William E. Bonini;</marc:subfield>
            <marc:subfield code="d">2004.</marc:subfield>
            <marc:subfield code="5">NjP</marc:subfield>
        </marc:datafield>
        <marc:datafield tag="650" ind1=" " ind2="0">
            <marc:subfield code="a">Geology</marc:subfield>
            <marc:subfield code="z">New Jersey</marc:subfield>
            <marc:subfield code="v">Maps.</marc:subfield>
        </marc:datafield>
        <marc:datafield tag="655" ind1=" " ind2="7">
            <marc:subfield code="a">Geological maps.</marc:subfield>
            <marc:subfield code="2">lcgft</marc:subfield>
        </marc:datafield>
        <marc:datafield tag="700" ind1="1" ind2=" ">
            <marc:subfield code="a">Smock, John C.</marc:subfield>
            <marc:subfield code="q">(John Conover),</marc:subfield>
            <marc:subfield code="d">1842-1926.,</marc:subfield>
            <marc:subfield code="e">cartographer,</marc:subfield>
            <marc:subfield code="e">author.</marc:subfield>
        </marc:datafield>
        <marc:datafield tag="700" ind1="1" ind2=" ">
            <marc:subfield code="a">Hopkins, Griffith Morgan,</marc:subfield>
            <marc:subfield code="c">Jr.,</marc:subfield>
            <marc:subfield code="e">cartographer,</marc:subfield>
            <marc:subfield code="e">compiler.</marc:subfield>
        </marc:datafield>
        <marc:datafield tag="710" ind1="2" ind2=" ">
            <marc:subfield code="a">Geological Survey of New Jersey,</marc:subfield>
            <marc:subfield code="e">publisher.</marc:subfield>
        </marc:datafield>
        <marc:datafield tag="773" ind1="0" ind2=" ">
            <marc:subfield code="a">Cook, George Hammell, 1818-1889.</marc:subfield>
            <marc:subfield code="t">Geology of New Jersey/ George H. Cook.</marc:subfield>
            <marc:subfield code="d">Newark : printed at the Daily Advertiser Office, 1868.</marc:subfield>
            <marc:subfield code="w">1934521</marc:subfield>
        </marc:datafield>
        <marc:datafield tag="852" ind1="8" ind2=" ">
            <marc:subfield code="b">scimap</marc:subfield>
            <marc:subfield code="h">G3811.C5 1868</marc:subfield>
            <marc:subfield code="i">.N4J4</marc:subfield>
        </marc:datafield>
        <marc:datafield tag="856" ind1="4" ind2="1">
            <marc:subfield code="z">See the map</marc:subfield>
            <marc:subfield code="u">http://gisserver.princeton.edu/map/455</marc:subfield>
        </marc:datafield>
    </marc:record>
    <marc:record type="Holdings">
        <marc:leader>00253cx  a22000851  4500</marc:leader>
        <marc:controlfield tag="001">6743953</marc:controlfield>
        <marc:controlfield tag="004">6820534</marc:controlfield>
        <marc:controlfield tag="005">20140610115002.0</marc:controlfield>
        <marc:controlfield tag="008">1109220u||||8|||4001uu|||0000000</marc:controlfield>
        <marc:datafield tag="852" ind1="8" ind2=" ">
            <marc:subfield code="b">scimap</marc:subfield>
            <marc:subfield code="h">G3811.C5 1868</marc:subfield>
            <marc:subfield code="i">.N4J4</marc:subfield>
            <marc:subfield code="z">To locate companion volume search, call number: 8565.672.01</marc:subfield>
            <marc:subfield code="z">RECAP</marc:subfield>
        </marc:datafield>
    </marc:record>
    <marc:record type="Holdings">
        <marc:leader>00182nx  a22000854  4500</marc:leader>
        <marc:controlfield tag="001">7323620</marc:controlfield>
        <marc:controlfield tag="004">6820534</marc:controlfield>
        <marc:controlfield tag="005">20130514120444.0</marc:controlfield>
        <marc:controlfield tag="008">1305144u    8   1001uu   0901128</marc:controlfield>
        <marc:datafield tag="852" ind1="8" ind2=" ">
            <marc:subfield code="b">elf1</marc:subfield>
            <marc:subfield code="h">Electronic Resource</marc:subfield>
        </marc:datafield>
    </marc:record>
</marc:collection>
